
@misc{lspd-mackenzie-2021,
  author       = {Calebe Bianchini e Maur√≠cio Aronne Pillon},
  title        = {16th Marathon of Parallel Programming SBAC-PAD \& WSCAD -- 2021},
  year         = {2021},
  url          = {http://lspd.mackenzie.br/marathon/21/problemset.pdf},
  note         = {Acesso em: 5 out. 2025}
}
